@article{merton1974,
    author = {R. C. Merton},
    title = {ON THE PRICING OF CORPORATE DEBT: THE RISK STRUCTURE OF INTEREST RATES},
    journal = {The Journal of Finance},
    volume = {29},
    number = {2},
    pages = {449--470},
    month = {May},
    year = {1974},
    doi = {10.1111/j.1540-6261.1974.tb03058.x}
}

@article{may1976simple,
    author = {R. M. May},
    title = {Simple mathematical models with very complicated dynamics},
    journal = {Nature},
    volume = {261},
    number = {5560},
    pages = {459--467},
    month = {June},
    year = {1976},
    doi = {10.1038/261459a0}
}

@article{allen2000financial,
    author = {F. Allen and D. Gale},
    title = {Financial Contagion},
    journal = {Journal of Political Economy},
    volume = {108},
    number = {1},
    pages = {1--33},
    month = {Feb.},
    year = {2000},
    doi = {10.1086/262109}
}

@article{scheffer2009early,
    author = {M. Scheffer and J. Bascompte and W. A. Brock and V. Brovkin and S. R. Carpenter and V. Dakos and H. Held and E. H. van Nes and M. Rietkerk and G. Sugihara},
    title = {Early-warning signals for critical transitions},
    journal = {Nature},
    volume = {461},
    number = {7260},
    pages = {53--59},
    month = {Sept.},
    year = {2009},
    doi = {10.1038/nature08227}
}

@article{feridun2020climate,
    author = {M. Feridun and H. G{\"u}ng{\"o}r},
    title = {Climate-Related Prudential Risks in the Banking Sector: A Review of the Emerging Regulatory and Supervisory Practices},
    journal = {Sustainability},
    volume = {12},
    number = {13},
    pages = {5325},
    month = {July},
    year = {2020},
    doi = {10.3390/su12135325}
}

@article{liu2020research,
    author = {Y. Liu and C. Huang and Z. Zou and Q. Chen and X. Chu},
    title = {Research into the Mechanism for the Impact of Climate Change on Systemic Riskâ€”A Case Study of China's Small- and Medium-sized Commercial Banks},
    journal = {Sustainability},
    volume = {12},
    number = {22},
    pages = {9582},
    month = {Nov.},
    year = {2020},
    doi = {10.3390/su12229582}
}

@book{feyen2020macro,
    author = {E. Feyen and R. Utz and I. {Zuccardi Huertas} and O. Bogdan and J. Moon},
    title = {Macro-Financial Aspects of Climate Change},
    publisher = {World Bank},
    address = {Washington, DC},
    year = {2020},
    doi = {10.1596/1813-9450-9109}
}

@article{pizzutilo2020dealing,
    author = {F. Pizzutilo and M. Mariani and A. Caragnano and M. Zito},
    title = {Dealing with Carbon Risk and the Cost of Debt: Evidence from the European Market},
    journal = {IJFS},
    volume = {8},
    number = {4},
    pages = {61},
    month = {Oct.},
    year = {2020},
    doi = {10.3390/ijfs8040061}
}

@article{chevallier2020covid,
    author = {J. Chevallier},
    title = {COVID-19 Outbreak and CO2 Emissions: Macro-Financial Linkages},
    journal = {JRFM},
    volume = {14},
    number = {1},
    pages = {12},
    month = {Dec.},
    year = {2020},
    doi = {10.3390/jrfm14010012}
}

@article{fabisik2021firms,
    author = {K. Fabisik and R. Fahlenbrach and R. M. Stulz and J. P. Taillard},
    title = {Why are firms with more managerial ownership worth less?},
    journal = {Journal of Financial Economics},
    volume = {140},
    number = {3},
    pages = {699--725},
    month = {June},
    year = {2021},
    doi = {10.1016/j.jfineco.2021.02.008}
}

@article{dunz2021compounding,
    author = {N. Dunz and A. {Hrast Essenfelder} and A. Mazzocchetti and I. Monasterolo and M. Raberto},
    title = {Compounding COVID-19 and climate risks: The interplay of banks' lending and government's policy in the shock recovery},
    journal = {Journal of Banking \& Finance},
    volume = {152},
    pages = {106306},
    month = {July},
    year = {2023},
    doi = {10.1016/j.jbankfin.2021.106306}
}

@article{roncoroni2019climate,
    author = {A. Roncoroni and S. Battiston and L. O. L. {Escobar Farf{\'a}n} and S. {Martinez Jaramillo}},
    title = {Climate Risk and Financial Stability in the Network of Banks and Investment Funds},
    journal = {SSRN Journal},
    year = {2019},
    doi = {10.2139/ssrn.3356459}
}

@article{agarwala2021climate,
    author = {M. Agarwala and M. Burke and P. Klusak and K. Mohaddes and U. Volz and D. Zenghelis},
    title = {Climate change and fiscal sustainability: Risks and opportunities},
    journal = {SSRN Journal},
    year = {2021},
    doi = {10.2139/ssrn.3924044}
}

@article{zhang2021investor,
    author = {Y. Zhang and Y. Chen and Y. Wu and P. Zhu},
    title = {Investor attention and carbon return: evidence from the EU-ETS},
    journal = {Economic Research-Ekonomska Istra{\v{z}}ivanja},
    volume = {35},
    number = {1},
    pages = {709--727},
    month = {June},
    year = {2021},
    doi = {10.1080/1331677X.2021.1931914}
}

@article{roncalli2021market,
    author = {T. Roncalli and T. L. Guenedal and F. Lepetit and T. Roncalli and T. Sekine},
    title = {The Market Measure of Carbon Risk and its Impact on the Minimum Variance Portfolio},
    journal = {arXiv preprint},
    year = {2021},
    doi = {10.48550/ARXIV.2101.10635}
}

@article{banerjee2018pricing,
    author = {T. Banerjee and Z. Feinstein},
    title = {Pricing of debt and equity in a financial network with comonotonic endowments},
    journal = {arXiv preprint},
    year = {2018},
    doi = {10.48550/ARXIV.1810.01372}
}

@article{tharavanij2021optimal,
    author = {P. Tharavanij},
    title = {Optimal Book-Value Debt Ratio},
    journal = {Sage Open},
    volume = {11},
    number = {1},
    month = {Jan.},
    year = {2021},
    doi = {10.1177/2158244020985788}
}

@article{taylor2022making,
    author = {N. Taylor},
    title = {'Making financial sense of the future': actuaries and the management of climate-related financial risk},
    journal = {New Political Economy},
    volume = {28},
    number = {1},
    pages = {57--75},
    month = {Apr.},
    year = {2022},
    doi = {10.1080/13563467.2022.2067838}
}

@article{wang2022moment,
    author = {H. Wang and L. Zhou and P.-F. Dai and X. Xiong},
    title = {Moment conditions for fractional degree stochastic dominance},
    journal = {Finance Research Letters},
    volume = {49},
    pages = {103241},
    month = {Oct.},
    year = {2022},
    doi = {10.1016/j.frl.2022.103241}
}

@article{kieren2022risk,
    author = {P. Kieren and J. {M{\"u}ller-Dethard} and M. Weber},
    title = {Risk-Taking and Asymmetric Learning in Boom and Bust Markets},
    journal = {Review of Finance},
    volume = {27},
    number = {5},
    pages = {1743--1779},
    month = {Nov.},
    year = {2022},
    doi = {10.1093/rof/rfac072}
}

@article{shobande2022sustainable,
    author = {O. A. Shobande and L. Ogbeifun},
    title = {Sustainable Blueprint: Do Stock Investors Increase Emissions?},
    journal = {JRFM},
    volume = {15},
    number = {2},
    pages = {70},
    month = {Feb.},
    year = {2022},
    doi = {10.3390/jrfm15020070}
}

@article{mcdonnell2023beyond,
    author = {C. McDonnell and J. Gupta},
    title = {Beyond divest vs. engage: a review of the role of institutional investors in an inclusive fossil fuel phase-out},
    journal = {Climate Policy},
    volume = {24},
    number = {3},
    pages = {314--331},
    month = {Oct.},
    year = {2023},
    doi = {10.1080/14693062.2023.2261900}
}

@article{cardenas2024managing,
    author = {V. Cardenas},
    title = {Managing Financial Climate Risk in Banking Services: A Review of Current Practices and the Challenges Ahead},
    journal = {arXiv preprint},
    year = {2024},
    doi = {10.48550/ARXIV.2405.17682}
}

@article{branzoli2024central,
    author = {N. Branzoli and R. Gallo and A. Ilari and D. Portioli},
    title = {Central banks' corporate asset purchase programmes and risk-taking by bond funds in the aftermath of market stress},
    journal = {Journal of Financial Stability},
    volume = {72},
    pages = {101261},
    month = {June},
    year = {2024},
    doi = {10.1016/j.jfs.2024.101261}
}

@article{cardenas2024financial,
    author = {V. Cardenas},
    title = {Financial climate risk: a review of recent advances and key challenges},
    journal = {arXiv preprint},
    year = {2024},
    doi = {10.48550/ARXIV.2404.07331}
}

@article{anastasiou2024analyzing,
    author = {D. Anastasiou and A. Ballis and C. Kallandranis and F. Lakhal},
    title = {Analyzing the effects of climate risk on discouraged borrowers: Deciphering the contradictory forces},
    journal = {Risk Analysis},
    volume = {45},
    number = {1},
    pages = {223--239},
    month = {July},
    year = {2024},
    doi = {10.1111/risa.15071}
}

@article{bressan2022asset,
    author = {G. Bressan and A. Duranovic and I. Monasterolo and S. Battiston},
    title = {Asset-Level Climate Physical Risk Assessment and Cascading Financial Losses},
    journal = {SSRN Journal},
    year = {2022},
    doi = {10.2139/ssrn.4062275}
}

@article{hordofa2024examining,
    author = {D. F. Hordofa},
    title = {Examining the dynamics between banking sector performance, environmental sustainability, and environmental technology innovation: evidence from G20 countries},
    journal = {Cogent Business \& Management},
    volume = {11},
    number = {1},
    month = {June},
    year = {2024},
    doi = {10.1080/23311975.2024.2368709}
}

@article{sankar2024carbon,
    author = {N. G. Sankar and S. Nag and S. P. Chakrabarty and S. Basu},
    title = {The Carbon Premium: Correlation or Causation? Evidence from S\&P 500 Companies},
    journal = {arXiv preprint},
    year = {2024},
    doi = {10.48550/ARXIV.2401.16455}
}

@article{tabash2024modeling,
    author = {M. I. Tabash and M. S. M. {Al-Absy} and A. Hannoon},
    title = {Modeling the Nexus between European Carbon Emission Trading and Financial Market Returns: Practical Implications for Carbon Risk Reduction and Hedging},
    journal = {JRFM},
    volume = {17},
    number = {4},
    pages = {147},
    month = {Apr.},
    year = {2024},
    doi = {10.3390/jrfm17040147}
}

@article{prosperi2022modelling,
    author = {L. Prosperi and L. Zanin},
    title = {A modelling framework for projections of equity portfolio returns under climate transition scenarios},
    journal = {SSRN Journal},
    year = {2022},
    doi = {10.2139/ssrn.4062090}
}

@article{bringas2024evaluating,
    author = {V. {Bringas Fern{\'a}ndez} and M. B. {Torre Olmo} and M. {Cantero Saiz}},
    title = {Evaluating Climate Risk in Banking: A Bibliometric Analysis},
    publisher = {Elsevier BV},
    year = {2024},
    doi = {10.2139/ssrn.5006930}
}